@book{ninguem2022curioso,
    author = {Senhor Ninguem},
    title = {O curioso caso do livro que ninguém escreveu},
    publisher = {Editora Fantasia},
    address = {Terra do Nunca},
    year = {2022},
    note = {Acessado em: 09 jan. 2022.}
}

@article{alguem2022nada,
  title={Nada de interessante},
  author={Seu Alguem},
  journal={Desconhecido},
  volume={1},
  number={1},
  pages={1--10},
  year={2022},
  publisher={Editora Imaginação},
  note={Acessado em : 09 mar. 2023.}
}

@misc{logtrello,
  author = {logowik},
  title = {Trello},
  month = {fevereiro},
  year = {2024},
  url={https://logowik.com/trello-new-vector-logo-8078.html},
  note={Acessado em: 29 fev. 2024.}
}


@misc{linux:2023,
  author = {Wikipédia},
  title = {LINUX},
  month = {março},
  year = {2023},
  url={https://pt.wikipedia.org/wiki/Linux},
  note={Acessado em: 09 mar. 2023.}
}

 @BOOK{oliveira_SO2009,
    author = {Oliveira, R{\^o}mulo Silva de and CARISSIMI, Alexandre da S. and TOSCANI, Sim{\~a}o S.},
    title = {Sistemas Operacionais},
    publisher = {UFRGS},
    year={2009},
    volume={4 ed},
    pages={370},
    url={https://integrada.minhabiblioteca.com.br/#/books/9788577806874/},
    note={Acessado em : 09 mar. 2023.}
 }

 @misc{smartsheet,
   author = {smartsheet},
   title = {Guia completo do manifesto ágil},
   month = {Fevereiro},
   year = {2024},
   url={https://pt.smartsheet.com/comprehensive-guide-values-principles-agile-manifesto},
   note={Acessado em: 20 fev. 2024.}
 }

 @misc{kbn,
   author = {SCRUM.AS},
   title = {Fundamentos Internacionais Master Kanban},
   month = {fevereiro},
   year = {2024},
   url={https://www.scrum.as/academy.php?show=7&chapter=15},
   note={Acessado em: 15 mar. 2024.}
 }

 @misc{gerproject,
   author = {artia},
   title = {Gerente de projetos: entenda o papel e a importância desse profissional},
   month = {fevereiro},
   year = {2024},
   url={https://artia.com/blog/gerente-de-projetos-entenda-seu-papel-e-importancia/#:~:text=A%20import%C3%A2ncia%20de%20um%20gerente,aprimorar%20pr%C3%A1ticas%20antigas%20da%20organiza%C3%A7%C3%A3o},
   note={Acessado em: 19 mar. 2024.}
 }
